<?xml version="1.0" encoding="UTF-8"?><record xmlns="http://www.loc.gov/MARC21/slim" xmlns:cinclude="http://apache.org/cocoon/include/1.0" xmlns:zs="http://www.loc.gov/zing/srw/">
  <leader>00579nz  a2200145n  4500</leader>
  <controlfield tag="001">no2003077479</controlfield>
  <controlfield tag="003">DLC</controlfield>
  <controlfield tag="005">20030805052241.0</controlfield>
  <controlfield tag="008">030804n| acannaabn          |n aaa     c</controlfield>
  <datafield tag="010" ind1=" " ind2=" ">
    <subfield code="a">no2003077479</subfield>
  </datafield>
  <datafield tag="035" ind1=" " ind2=" ">
    <subfield code="a">(OCoLC)oca06118297</subfield>
  </datafield>
  <datafield tag="040" ind1=" " ind2=" ">
    <subfield code="a">OrPS</subfield>
    <subfield code="b">eng</subfield>
    <subfield code="c">OrPS</subfield>
  </datafield>
  <datafield tag="100" ind1="1" ind2=" ">
    <subfield code="a">Dambacher, Jeffrey M.</subfield>
  </datafield>
  <datafield tag="670" ind1=" " ind2=" ">
    <subfield code="a">Distribution and abundance of Great Basin redband trout, 2001?:</subfield>
    <subfield code="b">t.p. (Jeffrey M. Dambacher; Oregon Dept. Fish and Wildlife, Corvallis Research Lab.)</subfield>
  </datafield>
  <datafield tag="670" ind1=" " ind2=" ">
    <subfield code="a">OCLC, Aug. 4, 2003</subfield>
    <subfield code="b">(hdgs.: Dambacher, Jeffrey M.; Dambacher, Jeff; usages: Jeffrey M. Dambacher; Jeff Dambacher)</subfield>
  </datafield>
</record>